@misc{poly_bertrand_maury,
    author = {Bertrand Maury},
    title = {Cours de modélisation mathématique},
    year ={2024} 
}
@misc{poly_quentin_marigot,
    author = {Quentin Marigot},
    title = {Algorithmes d'optimisation},
    year ={2020} 
}
@phdthesis{these_remi_coulaud,
    author = {Rémi Coulaud},
    title = {Modélisation et prévision des variables d’exploitation ferroviaire et de flux de voyageurs
en zone dense},
    school = {Université Paris-Saclay},
    year = {2022}
}